@movie{1,
  title =   {Harry Potter and the Philosophers Stone.},
  producer= {Warner Bros},
  director = { C. Columbus},
  year = {2001}
},
@movie{2,
  title =   {Harry Potter and the Chamber of Secrets},
  director = { C. Columbus},
  producer= {Warner Bros} ,
  year = {2002}
},
@movie{3,
  title =   {Harry Potter and the Prisoner of Azkaban},
  producer= {Warner Bros} ,
  director = { A. Cuaron},
  year = {2004}
},
@movie{4,
  title =   {Harry Potter and the Goblet of Fire},
  producer= {Warner Bros}     
  director = {Newell, M.},
  year = {2005}
},
@movie{5,
  title =   {Harry Potter and the Half-Blood Prince},
  producer= {Warner Bros} ,
  director = {YATES, D.},
  year = {2009}
},
@movie{6,
  title =   {Harry Potter and the Deathly Hallows: Part 1},
  producer= {Warner Bros} ,
  director = {YATES, D.},
  year = {2010}
}