@misc{Daniel_Radcliffe2007-12-14,
title={Harry Potter and the Sorcerer's Stone},
author={Chris Columbus and Steve Kloves and David Heyman},
contributor={Daniel Radcliffe and Rupert Grint and Emma Watson and John Cleese and Robbie Coltrane and Warwick Davis and Richard Griffiths and Richard Harris and Ian Hart and John Hurt and Alan Rickman and Fiona Shaw and Dame Maggie Smith and Julie Walters},



edition={Prime Video},
keywords={Movies & Films, Action & Adventure, Kids & Family, HD Movies, Movies},
asin={B00AP06III},
url={https://lead.to/amazon/com/?op=bt&la=en&cu=usd&key=B00AP06III},
url-am={https://www.amazon.com/dp/B00AP06III/},
price={$9.99},
condition={New},
timestamp={2021-05-22},
},
@misc{Daniel_Radcliffe2009-06-17,
title={Harry Potter and the Chamber of Secrets},
author={Chris Columbus and Steve Kloves and David Heyman},
contributor={Daniel Radcliffe and Rupert Grint and Emma Watson and Kenneth Branagh and John Cleese and Robbie Coltrane and Warwick Davis and Richard Griffiths and Richard Harris and Jason Isaacs and Alan Rickman and Fiona Shaw and Dame Maggie Smith and Julie Walters},



edition={Prime Video},
keywords={Movies & Films, Kids & Family, HD Movies, Movies},
asin={B0094K38KQ},
url={https://lead.to/amazon/com/?op=bt&la=en&cu=usd&key=B0094K38KQ},
url-am={https://www.amazon.com/dp/B0094K38KQ/},
price={$14.99},
condition={New},
timestamp={2021-05-22},
},
@misc{Daniel_Radcliffe2013-03-01,
title={Harry Potter and the Prisoner of Azkaban},
author={Alfonso, Cuarón and Steve Kloves and David Heyman and Chris Columbus and Mark Radcliffe},
contributor={Daniel Radcliffe and Rupert Grint and Emma Watson and Robbie Coltrane and Michael Gambon and Richard Griffiths and Gary Oldman and Alan Rickman and Fiona Shaw and Dame Maggie Smith and Timothy Spall and David Thewlis and Emma Thompson and Julie Walters},



edition={Prime Video},
keywords={Movies & Films, Action & Adventure, Movies},
asin={B0026YWQ4Q},
url={https://lead.to/amazon/com/?op=bt&la=en&cu=usd&key=B0026YWQ4Q},
url-am={https://www.amazon.com/dp/B0026YWQ4Q/},
price={$13.99},
condition={New},
timestamp={2021-05-22},
},
@misc{Daniel_Radcliffe2008-01-01,
title={Harry Potter and the Goblet of Fire},
author={Mike Newell and Steve Kloves and David Heyman},
contributor={Daniel Radcliffe and Rupert Grint and Emma Watson and Robbie Coltrane and Ralph Fiennes and Michael Gambon and Brendan Gleeson and Jason Isaacs and Gary Oldman and Alan Rickman and Dame Maggie Smith and Timothy Spall and Robert Pattinson},



edition={Prime Video},
keywords={Movies & Films, Kids & Family, HD Movies, Movies},
asin={B0091X21IQ},
url={https://lead.to/amazon/com/?op=bt&la=en&cu=usd&key=B0091X21IQ},
url-am={https://www.amazon.com/dp/B0091X21IQ/},
price={$14.99},
condition={New},
timestamp={2021-05-22},
},
@misc{Rupert_Grint2011-06-01,
title={Harry Potter and the Half Blood Prince},
author={David Yates and Steve Kloves and David Barron and David Heyman},
contributor={Rupert Grint and Bonnie Wright and Emma Watson and Jim Broadbent and Julie Walters and Timothy Spall and Evanna Lynch and Daniel Radcliffe and Jessie Cave and Dame Maggie Smith and Helena Bonham Carter and David Thewlis and Tom Felton and Robbie Coltrane and Hero Fiennes-Tiffin and Alan Rickman and Frank Dillane and Warwick Davis and Michael Gambon},



edition={Prime Video},
keywords={Movies & Films, Action & Adventure, Mystery & Thrillers, Fantasy, Science Fiction & Fantasy},
asin={B0091X4EYK},
url={https://lead.to/amazon/com/?op=bt&la=en&cu=usd&key=B0091X4EYK},
url-am={https://www.amazon.com/dp/B0091X4EYK/},
price={$14.99},
condition={New},
timestamp={2021-05-22},
},
@misc{Daniel_Radcliffe2012-10-01,
title={Harry Potter and the Deathly Hallows: Part 1},
author={David Yates and Steve Kloves and David Heyman and David Barron and J.K. Rowling},
contributor={Daniel Radcliffe and Rupert Grint and Emma Watson and Helena Bonham Carter and Robbie Coltrane and Ralph Fiennes and Brendan Gleeson and Rhys Ifans and Jason Isaacs and Bill Nighy and Alan Rickman and Imelda Staunton and Julie Walters and Mark Williams and Tom Felton and Toby Jones and Bonnie Wright and James Phelps and Oliver Phelps and Evanna Lynch},



edition={Prime Video},
keywords={Movies & Films, HD Movies, Movies},
asin={B009JZXA0O},
url={https://lead.to/amazon/com/?op=bt&la=en&cu=usd&key=B009JZXA0O},
url-am={https://www.amazon.com/dp/B009JZXA0O/},
price={$14.99},
condition={New},
timestamp={2021-05-22},
},
@misc{Chadwick_Boseman2018-05-08,
title={Black Panther (2018) (4K UHD)},
author={Ryan Coogler and Joe Robert Cole and Kevin Feige},
contributor={Chadwick Boseman and Michael B. Jordan and Lupita Nyong'o and Danai Gurira and Martin Freeman and Daniel Kaluuya and Letitia Wright and Winston Duke and Sterling K. Brown and Florence Kasumba and John Kani and Angela Bassett and Forest Whitaker and Andy Serkis and David S. Lee and Nabiyah Be and Isaach, De, Bankolé and Connie Chiume and Dorothy Steel and Danny Sapani and Sydelle Noel and Marija Abney and Zola Williams and Janeshia Adams-Ginyard and Maria Hippolyte and Marie Mouroum and Jénel, Stevens and Sope Aluko and Stan Lee and Atandwa Kani and Ashton Tyler and Denzel Whitaker and Shaunette, Renée, Wilson and Christine Hollingsworth and Lucy Hockings and Bambadjan Bamba and Roland Kilumbu and Jermain "JT" Holt and Dominique Smith and Jay Lynch and Vaughndio Forbes and Sasha Morfaw and Alexis Louder and Francesca Faridany and Mark Ashworth and Seth Carr and Jeremy Sample and Chad Crumley and Alexis Rhee and Danny Chung and Elizabeth Elkins and Tony Sears and Alex C. Riley Hughes and Clifford Gay and Shamel Heath and De'Jon Watts and Alex Hibbert and Tristan Timmons and Tyler Timmons and Abraham Clinkscales and Thabo Moropane and Zani Mogodi and Zenzi Williams and Trevor Noah},



edition={Prime Video},
keywords={Movies & Films, Action & Adventure, Movies},
asin={B07CSKDGFF},
url={https://lead.to/amazon/com/?op=bt&la=en&cu=usd&key=B07CSKDGFF},
url-am={https://www.amazon.com/dp/B07CSKDGFF/},
price={$19.99},
condition={New},
timestamp={2021-05-22},
},
@misc{John_David_Washington2018-08-10,
title={Blackkklansman},
author={Spike Lee and Charlie Wachtel and David Rabinowitz and Kevin Willmott and Sean McKittrick and Jason Blum and Raymond Mansfield and Shaun Redick and Jordan Peele},
contributor={John David Washington and Adam Driver and Topher Grace and Corey Hawkins},



edition={Prime Video},
keywords={Movies & Films, Comedy, Drama, Mystery & Thrillers, HD Movies},
asin={B07G7GRTVH},
url={https://lead.to/amazon/com/?op=bt&la=en&cu=usd&key=B07G7GRTVH},
url-am={https://www.amazon.com/dp/B07G7GRTVH/},
price={$13.99},
condition={New},
timestamp={2021-05-22},
},
@misc{Sigourney_Weaver1,
title={Alien},
author={Ridley Scott and Gordon Carroll and David Giler and Walter Hill},
contributor={Sigourney Weaver and Henry Dean Stanton and John Hurt and Tom Skerritt},

edition={Prime Video},
keywords={Movies & Films, Action & Adventure, Horror, Mystery & Thrillers, HD Movies},
asin={B009EE6OGW},
url={https://lead.to/amazon/com/?op=bt&la=en&cu=usd&key=B009EE6OGW},
url-am={https://www.amazon.com/dp/B009EE6OGW/},
price={$14.99},
condition={New},
timestamp={2021-05-22},
},
@misc{Sigourney_Weaver2,
title={Aliens},
author={James Cameron and Gordon Carroll and David Giler},
contributor={Sigourney Weaver},

edition={Prime Video},
keywords={Movies & Films, Action & Adventure, Movies},
asin={B00160FBWK},
url={https://lead.to/amazon/com/?op=bt&la=en&cu=usd&key=B00160FBWK},
url-am={https://www.amazon.com/dp/B00160FBWK/},
price={$14.99},
condition={New},
timestamp={2021-05-22},
},
@misc{Sigourney_Weaver3,
title={Alien 3},
author={David Fincher and David Giler and Walter Hill and Larry Ferguson and Gordon Carroll and Vincent Ward and Dan O'Bannon and Ronald Shusett},
contributor={Sigourney Weaver and Charles S. Dutton and Charles Dance and Paul McGann and Lance Henriksen and Pete Postlethwaite},

edition={Prime Video},
keywords={Movies & Films, Action & Adventure, Drama, Movies},
asin={B000QDYQQ0},
url={https://lead.to/amazon/com/?op=bt&la=en&cu=usd&key=B000QDYQQ0},
url-am={https://www.amazon.com/dp/B000QDYQQ0/},
price={$14.99},
condition={New},
timestamp={2021-05-22},
},

@misc{Chris_Hemsworth2017-11-03,
title={Thor: Ragnarok (Theatrical Version)},
author={Taika Waititi and Eric Pearson and Craig Kyle and Christopher L. Yost and Kevin Feige},
contributor={Chris Hemsworth and Tom Hiddleston and Cate Blanchett and Idris Elba and Jeff Goldblum and Tessa Thompson and Karl Urban and Mark Ruffalo and Anthony Hopkins and Benedict Cumberbatch and Taika Waititi and Rachel House and Clancy Brown and Tadanobu Asano and Ray Stevenson and Zachary Levi and Georgia Blizzard and Amali Golden and Luke Hemsworth and Sam Neill and Charlotte Nicdao and Ashley Ricardo and Shalom Brune-Franklin and Taylor Hemsworth and Cohen Holloway and Alia Seror O'Neil and Sophia Laryea and Steven Oliver and Hamish Parkinson and Jasper Bagg and Sky Castanho and Shari Sebbens and Richard Green and Sol Castanho and Jet Tranter and Samantha Hopper and Eloise Winestock and Rob Mayes},



edition={Prime Video},
keywords={Movies & Films, Action & Adventure, HD Movies, Movies},
asin={B076XWTHP8},
url={https://lead.to/amazon/com/?op=bt&la=en&cu=usd&key=B076XWTHP8},
url-am={https://www.amazon.com/dp/B076XWTHP8/},
price={$19.99},
condition={New},
timestamp={2021-05-22},
},
@misc{Ethan_Hawke2014-12-09,
title={Boyhood},
author={Richard Linklater and Cathleen Sutherland and Jonathan Sehring and John Sloss and Sadra Adair and Vince Palmo Jr. and Kirsten McMurray},
contributor={Ethan Hawke and Patricia Arquette and Ellar Coltrane},



edition={Prime Video},
keywords={Movies & Films, Drama, Movies},
asin={B00MBWMIDW},
url={https://lead.to/amazon/com/?op=bt&la=en&cu=usd&key=B00MBWMIDW},
url-am={https://www.amazon.com/dp/B00MBWMIDW/},
price={$12.99},
condition={New},
timestamp={2021-05-22},
},
@misc{Donald_Pleasence2015-10-29,
title={Halloween},
author={John Carpenter},
contributor={Donald Pleasence and Jamie Lee Curtis and Tony Moran and Nancy Kyes},



edition={Prime Video},
keywords={Movies & Films, Horror, Movies},
asin={B018A5RPYU},
url={https://lead.to/amazon/com/?op=bt&la=en&cu=usd&key=B018A5RPYU},
url-am={https://www.amazon.com/dp/B018A5RPYU/},
price={$8.99},
condition={New},
timestamp={2021-05-22},
},
@misc{Joaquin_Phoenix2019-12-17,
title={Joker},
author={Todd Phillips and Scott Silveri and Bradley Cooper and Emma Tillinger-Koskoff},
contributor={Joaquin Phoenix and Robert De Niro and Zazie Beetz and Frances Conroy and Brett Cullen and Shea Whigham and Bill Camp and Glenn Fleshler and Leigh Gill and Josh Pais and Rocco Luna and Marc Maron and Sondra James and Murphy Guyer and Douglas Hodge},



edition={Prime Video},
keywords={Movies & Films, Drama, Mystery & Thrillers, HD Movies, Movies},
asin={B07YLP14JH},
url={https://lead.to/amazon/com/?op=bt&la=en&cu=usd&key=B07YLP14JH},
url-am={https://www.amazon.com/dp/B07YLP14JH/},
price={$14.99},
condition={New},
timestamp={2021-05-22},
},
@misc{Sam_Neill2012-08-8,
title={Jurassic Park},
author={Steven Spielberg and Michael Crichton and David Koepp and Kathleen Kennedy and Gerald R. Molen},
contributor={Sam Neill and Laura Dern and Jeff Goldblum and Richard Attenborough and Bob Peck and Martin Ferrero and B.D. Wong and Samuel L. Jackson and Wayne Knight and Joseph Mazzello},



edition={Prime Video},
keywords={Movies & Films, Action & Adventure, Mystery & Thrillers, HD Movies, Movies},
asin={B009CGKW10},
url={https://lead.to/amazon/com/?op=bt&la=en&cu=usd&key=B009CGKW10},
url-am={https://www.amazon.com/dp/B009CGKW10/},
price={$7.99},
condition={New},
timestamp={2021-05-22},
},
@misc{Jeff_Goldblum2012-08-16,
title={The Lost World: Jurassic Park},
author={Steven Spielberg and David Koepp and Gerald R. Molen and Colin Wilson},
contributor={Jeff Goldblum and Julianne Moore and Richard Attenborough and Pete Postlethwaite and Arliss Howard and Vince Vaughn and Peter Stormare and Richard Schiff},



edition={Prime Video},
keywords={Movies & Films, Action & Adventure, Mystery & Thrillers, HD Movies, Movies},
asin={B00C1C123E},
url={https://lead.to/amazon/com/?op=bt&la=en&cu=usd&key=B00C1C123E},
url-am={https://www.amazon.com/dp/B00C1C123E/},
price={$3.99},
condition={New},
timestamp={2021-05-22},
},
@misc{Sam_Neill2012-08-28,
title={Jurassic Park III},
author={Joe Johnston and Peter Buchman and Alexander Payne and Jim Taylor and Kathleen Kennedy and Larry Franco},
contributor={Sam Neill and William H. Macy and Téa, Leoni and Alessandro Nivola and Trevor Morgan and Michael Jeter and John Diehl and Bruce A. Young},



edition={Prime Video},
keywords={Movies & Films, Action & Adventure, Mystery & Thrillers, Movies},
asin={B008YI99IE},
url={https://lead.to/amazon/com/?op=bt&la=en&cu=usd&key=B008YI99IE},
url-am={https://www.amazon.com/dp/B008YI99IE/},
price={$7.99},
condition={New},
timestamp={2021-05-22},
},
@misc{Elijah_Wood2007-11-09,
title={The Lord Of The Rings: The Fellowship Of The Ring},
author={Peter Jackson and Fran Walsh and Philippa Boyens and Barrie M. Osborne and Tim Sanders},
contributor={Elijah Wood and Ian McKellen and Liv Tyler and Viggo Mortensen and Sean Astin and Cate Blanchett and John Rhys-Davies and Billy Boyd and Dominic Monaghan and Orlando Bloom and Christopher Lee and Hugo Weaving and Sean Bean and Ian Holm and Andy Serkis},



edition={Prime Video},
keywords={Movies & Films, Action & Adventure, Drama, Movies},
asin={B000YMH4CG},
url={https://lead.to/amazon/com/?op=bt&la=en&cu=usd&key=B000YMH4CG},
url-am={https://www.amazon.com/dp/B000YMH4CG/},
price={$14.99},
condition={New},
timestamp={2021-05-22},
},
@misc{Elijah_Wood2010-02-24,
title={Lord of the Rings: The Two Towers},
author={Peter Jackson and Fran Walsh and Philippa Boyens and Stephen Sinclair and Barrie M. Osborne},
contributor={Elijah Wood and Ian McKellen and Liv Tyler and Viggo Mortensen and Sean Astin and Cate Blanchett and John Rhys-Davies and Bernard Hill and Billy Boyd and Dominic Monaghan and Orlando Bloom and Christopher Lee and Hugo Weaving and Miranda Otto and David Wenham and Brad Dourif and Karl Urban and Andy Serkis},



edition={Prime Video},
keywords={Movies & Films, Action & Adventure, HD Movies, Movies},
asin={B003FM1MNO},
url={https://lead.to/amazon/com/?op=bt&la=en&cu=usd&key=B003FM1MNO},
url-am={https://www.amazon.com/dp/B003FM1MNO/},
price={$3.99},
condition={New},
timestamp={2021-05-22},
},
@misc{Elijah_Wood2010-02-10,
title={The Lord of the Rings: The Return of the King},
author={Peter Jackson and Fran Walsh and Philippa Boyens and Stephen Sinclair and Barrie M. Osborne},
contributor={Elijah Wood and Ian McKellen and Liv Tyler and Viggo Mortensen and Sean Astin and Cate Blanchett and John Rhys-Davies and Bernard Hill and Christopher Lee and Billy Boyd and Dominic Monaghan and Orlando Bloom and Hugo Weaving and Miranda Otto and David Wenham and Brad Dourif and Andy Serkis and Karl Urban},



edition={Prime Video},
keywords={Movies & Films, Action & Adventure, Drama, HD Movies, Movies},
asin={B0091XIBOE},
url={https://lead.to/amazon/com/?op=bt&la=en&cu=usd&key=B0091XIBOE},
url-am={https://www.amazon.com/dp/B0091XIBOE/},
price={$14.99},
condition={New},
timestamp={2021-05-22},
},

@misc{Mike_Myers2018-02-01,
title={Shrek},
author={Vicky Jenson and Andrew Adamson},
contributor={Mike Myers and Eddie Murphy and Cameron Diaz},



edition={Prime Video},
keywords={Movies & Films, Action & Adventure, Comedy, HD Movies, Movies},
asin={B079HTHCV2},
url={https://lead.to/amazon/com/?op=bt&la=en&cu=usd&key=B079HTHCV2},
url-am={https://www.amazon.com/dp/B079HTHCV2/},
price={$13.99},
condition={New},
timestamp={2021-05-22},
},

@misc{Mike_Myers2018-02-0,
title={Shrek the Third},
author={Chris Miller and Raman Hui},
contributor={Mike Myers and Cameron Diaz and Eddie Murphy and Antonio Banderas},



edition={Prime Video},
keywords={Movies & Films, Action & Adventure, Kids & Family, Comedy, Animated Movies},
asin={B079HT23YP},
url={https://lead.to/amazon/com/?op=bt&la=en&cu=usd&key=B079HT23YP},
url-am={https://www.amazon.com/dp/B079HT23YP/},
price={$13.99},
condition={New},
timestamp={2021-05-22},
},
@misc{Meryl_Streep2006-12-12,
title={The Devil Wears Prada},
author={David Frankel},
contributor={Meryl Streep and Anne Hathaway and Emily Blunt and Stanley Tucci},



edition={Prime Video},
keywords={Movies & Films, Comedy, Drama, Movies},
asin={B000LX00RY},
url={https://lead.to/amazon/com/?op=bt&la=en&cu=usd&key=B000LX00RY},
url-am={https://www.amazon.com/dp/B000LX00RY/},
price={$4.99},
condition={New},
timestamp={2021-05-22},
},
@misc{Leonardo_DiCaprio2013-09-10,
title={Titanic},
author={James Cameron and Rae Sanchini and Grant Hills and Jon Landau and Sharon Mann},
contributor={Leonardo DiCaprio and Kate Winslet and Billy Zane and Kathy Bates and Frances Fisher and Gloria Stuart and Bill Paxton and Bernard Hill and Jonathan Hyde and Victor Garber},



edition={Prime Video},
keywords={Movies & Films, Drama, Romance, Movies},
asin={B008PHN6F6},
url={https://lead.to/amazon/com/?op=bt&la=en&cu=usd&key=B008PHN6F6},
url-am={https://www.amazon.com/dp/B008PHN6F6/},
price={$12.99},
condition={New},
timestamp={2021-05-22},
}
